<record><leader>00000cas a22000007a 4500</leader><controlfield tag="001">35641860</controlfield><controlfield tag="008">960926d1897189uokuwr n       0    0eng d</controlfield><datafield ind1=" " ind2=" " tag="010"><subfield code="a">sn 96093027 </subfield></datafield><datafield ind1=" " ind2=" " tag="040"><subfield code="a">OBN</subfield><subfield code="b">eng</subfield><subfield code="c">OBN</subfield><subfield code="d">OCLCQ</subfield><subfield code="d">OCLCF</subfield><subfield code="d">OCLCO</subfield></datafield><datafield ind1="1" ind2=" " tag="029"><subfield code="a">AU@</subfield><subfield code="b">000012911273</subfield></datafield><datafield ind1=" " ind2=" " tag="042"><subfield code="a">msc</subfield></datafield><datafield ind1=" " ind2=" " tag="043"><subfield code="a">n-us-ok</subfield></datafield><datafield ind1="0" ind2=" " tag="130"><subfield code="a">Democrat-patriot (Perry, Okla. : 1897)</subfield></datafield><datafield ind1="1" ind2="4" tag="245"><subfield code="a">The democrat-patriot.</subfield></datafield><datafield ind1="3" ind2=" " tag="246"><subfield code="a">Perry democrat-patriot</subfield></datafield><datafield ind1=" " ind2=" " tag="260"><subfield code="a">Perry, Noble County, Okla. :</subfield><subfield code="b">Democrat Pub. Co.</subfield></datafield><datafield ind1=" " ind2=" " tag="300"><subfield code="a">v.</subfield></datafield><datafield ind1=" " ind2=" " tag="310"><subfield code="a">Weekly</subfield></datafield><datafield ind1="0" ind2=" " tag="362"><subfield code="a">Vol. 4, no. 17 (Feb. 17, 1897)-</subfield></datafield><datafield ind1=" " ind2=" " tag="500"><subfield code="a">Published as: Perry democrat-patriot, Mar. 11-Sep. 9, 1897.</subfield></datafield><datafield ind1=" " ind2="0" tag="651"><subfield code="a">Perry (Okla.)</subfield><subfield code="v">Newspapers.</subfield></datafield><datafield ind1=" " ind2="0" tag="651"><subfield code="a">Noble County (Okla.)</subfield><subfield code="v">Newspapers.</subfield></datafield><datafield ind1=" " ind2="7" tag="655"><subfield code="a">Newspapers.</subfield><subfield code="2">fast</subfield><subfield code="0">(OCoLC)fst01423814</subfield></datafield><datafield ind1=" " ind2="7" tag="651"><subfield code="a">Oklahoma</subfield><subfield code="z">Noble County.</subfield><subfield code="2">fast</subfield><subfield code="0">(OCoLC)fst01209446</subfield></datafield><datafield ind1=" " ind2="7" tag="651"><subfield code="a">Oklahoma</subfield><subfield code="z">Perry.</subfield><subfield code="2">fast</subfield><subfield code="0">(OCoLC)fst01220632</subfield></datafield><datafield ind1=" " ind2=" " tag="752"><subfield code="a">United States</subfield><subfield code="b">Oklahoma</subfield><subfield code="c">Noble</subfield><subfield code="d">Perry.</subfield></datafield><datafield ind1="0" ind2="4" tag="780"><subfield code="t">Noble County patriot (Perry, Okla. : 1896)</subfield><subfield code="w">(DLC)sn 96093021</subfield><subfield code="w">(OCoLC)35640219</subfield></datafield><datafield ind1="0" ind2="4" tag="780"><subfield code="t">Perry democrat (Weekly : 1895)</subfield><subfield code="w">(DLC)sn 96093017</subfield><subfield code="w">(OCoLC)35639860</subfield></datafield><datafield ind1="0" ind2="0" tag="785"><subfield code="t">Perry republican</subfield><subfield code="w">(DLC)sn 86064173</subfield><subfield code="w">(OCoLC)13686282</subfield></datafield></record>